%% This BibTeX bibliography file was created using BibDesk.
%% http://bibdesk.sourceforge.net/


%% Created for Scott T. Miller at 2014-06-03 16:04:57 -0400 


%% Saved with string encoding Unicode (UTF-8) 



@article{Hulbert1996,
	Author = {Gregory M. Hulbert and Jintai Chung},
	Date-Added = {2014-06-03 19:23:25 +0000},
	Date-Modified = {2014-06-03 19:23:26 +0000},
	Issn = {0045-7825},
	Journal = {Computer Methods in Applied Mechanics and Engineering},
	Number = {2},
	Pages = {175 - 188},
	Title = {Explicit time integration algorithms for structural dynamics with optimal numerical dissipation},
	Volume = {137},
	Year = {1996},
	Bdsk-Url-1 = {http://www.sciencedirect.com/science/article/pii/S0045782596010365},
	Bdsk-Url-2 = {http://dx.doi.org/10.1016/S0045-7825(96)01036-5}}

@article{Chung1993,
	Author = {Chung, J and Hulbert, GM},
	Date-Added = {2014-06-03 19:15:28 +0000},
	Date-Modified = {2014-06-03 19:15:30 +0000},
	Journal = {Journal of applied mechanics},
	Number = {2},
	Pages = {371--375},
	Publisher = {American Society of Mechanical Engineers},
	Title = {A time integration algorithm for structural dynamics with improved numerical dissipation: the generalized-$\alpha$ method},
	Volume = {60},
	Year = {1993}}

@book{Cook2001,
	Author = {Cook, RD and Malkus, DS and Plesha, ME and Witt, RJ},
	Date-Added = {2014-06-03 19:10:27 +0000},
	Date-Modified = {2014-06-03 19:11:14 +0000},
	Edition = {4},
	Publisher = {John Wiley \& Sons, Inc},
	Title = {Concepts and Applications of Finite Element Analysis},
	Year = {2001}}

@article{Bathe2007,
	Author = {Bathe, Klaus-J{\"u}rgen},
	Date-Added = {2014-06-03 19:07:23 +0000},
	Date-Modified = {2014-06-03 19:07:23 +0000},
	Journal = {Computers \& Structures},
	Number = {7},
	Pages = {437--445},
	Publisher = {Elsevier},
	Title = {Conserving energy and momentum in nonlinear dynamics: a simple implicit time integration scheme},
	Volume = {85},
	Year = {2007}}

@book{Hughes2012,
	Author = {Hughes, Thomas JR},
	Date-Added = {2014-06-03 18:58:16 +0000},
	Date-Modified = {2014-06-03 18:58:17 +0000},
	Publisher = {Courier Dover Publications},
	Title = {The finite element method: linear static and dynamic finite element analysis},
	Year = {2012}}

@article{Idesman2014,
	Author = {A. Idesman and D. Pham},
	Date-Modified = {2014-06-03 18:56:30 +0000},
	Issn = {0045-7825},
	Journal = {Computer Methods in Applied Mechanics and Engineering},
	Keywords = {Finite elements},
	Number = {0},
	Pages = {86 - 108},
	Title = {Finite element modeling of linear elastodynamics problems with explicit time-integration methods and linear elements with the reduced dispersion error},
	Volume = {271},
	Year = {2014},
	Bdsk-Url-1 = {http://www.sciencedirect.com/science/article/pii/S0045782513003423},
	Bdsk-Url-2 = {http://dx.doi.org/10.1016/j.cma.2013.12.002}}
